@misc{link1,

url = {https://chat.openai.com/}
}
@misc{link2,
url={https://docs.python.org/3/library/warnings.html}
}
@misc{link3,
url={https://stackoverflow.com/questions/541390/extracting-extension-from-filename-in-python}
}
@misc{link4,
url={https://www.w3schools.com/python/python_try_except.asp}
}
@misc{link5,
url={https://stackoverflow.com/questions/68613912/web-scraping-trouble-some-characters-could-not-be-decoded-and-were-replaced-w}
}

